<record xmlns="http://www.loc.gov/MARC21/slim" xmlns:xsi="http://www.w3.org/2001/XMLSchema-instance" xsi:schemaLocation="http://www.loc.gov/MARC21/slim http://www.loc.gov/standards/marcxml/schema/MARC21slim.xsd"><leader>00496cz   2200169n  4500</leader><controlfield tag="001">oca00288205 </controlfield><controlfield tag="005">19971210052841.4</controlfield><controlfield tag="008">790626n| acannaab|          |a aaa      </controlfield><datafield ind1=" " ind2=" " tag="010"><subfield code="a">n  79055083 </subfield></datafield><datafield ind1=" " ind2=" " tag="040"><subfield code="a">DLC</subfield><subfield code="c">DLC</subfield><subfield code="d">DLC</subfield><subfield code="d">Uk</subfield><subfield code="d">OrU</subfield></datafield><datafield ind1="1" ind2=" " tag="100"><subfield code="a">Manilius, Marcus</subfield></datafield><datafield ind1="1" ind2=" " tag="400"><subfield code="a">Manilio, M.</subfield></datafield><datafield ind1="1" ind2=" " tag="400"><subfield code="a">Manilius, M.</subfield><subfield code="q">(Marcus)</subfield></datafield><datafield ind1="1" ind2=" " tag="400"><subfield code="a">ManiliiÌ&#x86;, Mark</subfield></datafield><datafield ind1=" " ind2=" " tag="670"><subfield code="a">His Astronomican ... 1903</subfield></datafield><datafield ind1=" " ind2=" " tag="670"><subfield code="a">His The five books of M. Manilius ... 1697</subfield></datafield><datafield ind1=" " ind2=" " tag="670"><subfield code="a">His Astronomika, 1993:</subfield><subfield code="b">t.p. (Mark ManiliiÌ&#x86;)</subfield></datafield></record>